<record><leader>00000cas a22000007a 4500</leader><controlfield tag="001">37278331</controlfield><controlfield tag="008">970711d19211922okuwr n       0    0eng d</controlfield><datafield ind1=" " ind2=" " tag="010"><subfield code="a">sn 97070032 </subfield></datafield><datafield ind1=" " ind2=" " tag="040"><subfield code="a">OBN</subfield><subfield code="b">eng</subfield><subfield code="c">OBN</subfield><subfield code="d">OCLCQ</subfield><subfield code="d">OCLCF</subfield><subfield code="d">OCLCO</subfield></datafield><datafield ind1="1" ind2=" " tag="029"><subfield code="a">AU@</subfield><subfield code="b">000013335595</subfield></datafield><datafield ind1=" " ind2=" " tag="042"><subfield code="a">msc</subfield></datafield><datafield ind1=" " ind2=" " tag="043"><subfield code="a">n-us-ok</subfield></datafield><datafield ind1="0" ind2="4" tag="245"><subfield code="a">The Pittsburg Co. republican.</subfield></datafield><datafield ind1="3" ind2=" " tag="246"><subfield code="a">Pittsburg County republican</subfield></datafield><datafield ind1=" " ind2=" " tag="260"><subfield code="a">Hartshorne, Okla. :</subfield><subfield code="b">J.H. Hubbard</subfield></datafield><datafield ind1=" " ind2=" " tag="300"><subfield code="a">v.</subfield></datafield><datafield ind1=" " ind2=" " tag="310"><subfield code="a">Weekly</subfield></datafield><datafield ind1="0" ind2=" " tag="362"><subfield code="a">Vol. 1, no. 1 (June 9, 1921)-v. 4, no. 25 (Sep. 28, 1922).</subfield></datafield><datafield ind1=" " ind2=" " tag="500"><subfield code="a">"Successor to the Haileyville Herald."</subfield></datafield><datafield ind1=" " ind2="0" tag="651"><subfield code="a">Hartshorne (Okla.)</subfield><subfield code="v">Newspapers.</subfield></datafield><datafield ind1=" " ind2="0" tag="651"><subfield code="a">Pittsburg County (Okla.)</subfield><subfield code="v">Newspapers.</subfield></datafield><datafield ind1=" " ind2="7" tag="655"><subfield code="a">Newspapers.</subfield><subfield code="2">fast</subfield><subfield code="0">(OCoLC)fst01423814</subfield></datafield><datafield ind1=" " ind2="7" tag="651"><subfield code="a">Oklahoma</subfield><subfield code="z">Hartshorne.</subfield><subfield code="2">fast</subfield><subfield code="0">(OCoLC)fst01263099</subfield></datafield><datafield ind1=" " ind2="7" tag="651"><subfield code="a">Oklahoma</subfield><subfield code="z">Pittsburg County.</subfield><subfield code="2">fast</subfield><subfield code="0">(OCoLC)fst01203141</subfield></datafield><datafield ind1=" " ind2=" " tag="752"><subfield code="a">United States</subfield><subfield code="b">Oklahoma</subfield><subfield code="c">Pittsburg</subfield><subfield code="d">Hartshorne.</subfield></datafield><datafield ind1="0" ind2="5" tag="780"><subfield code="t">Herald (Haileyville)</subfield><subfield code="w">(DLC)sn 97070031</subfield><subfield code="w">(OCoLC)37278285</subfield></datafield></record>